


@Misc{eudaqsource,
  title = 	 {EUDAQ Source Code},
  howpublished = {git repository},
  url =          {https://github.com/eudaq/eudaq}
}



@misc{beamtelescopesportal,
  title = 	 {EUDET/AIDA Pixel Beam Telescopes
References and Documentation},
  url =          {http://beam-telescopes.desy.de},
}

@misc{eudaqsite,
  title = 	 {{EUDAQ} Documentation and Source Code},
  url =          {http://eudaq.github.io},
}

@Manual{eutelsite,
  title = 	 {{EUTelescope} Documentation and Source Code},
  url =          {http://eutelescope.desy.de},
}

@Manual{tlu2009,
  author = 	 {David Cussans},
  title = 	 {Description of the {JRA1} Trigger Logic Unit ({TLU}), v0.2c},
  year = 	 {2009},
  key = 	 {EUDET-Memo-2009-4},
  url =          {http://www.eudet.org/e26/e28/e42441/e57298/EUDET-MEMO-2009-04.pdf},
}

@Manual{tlu2014,
  author = 	 {F. Crescioli and D. Cussans and A. Dosil Su\'{a}rez},
  title = 	 {AIDA mini-TLU manual},
  year = 	 {2014},
  key = 	 {to be submitted as AIDA note},
  url =          {http://www.ohwr.org/projects/fmc-mtlu},
}

@Misc{salat2014,
  author = 	 "{M. Winter and others}",
  title = 	 "The Single Arm Large Area beam Telescope (SALAT) planes based on MIMOSA28 for the AIDA Telescope",
  howpublished = {to be submitted as AIDA note},
  year = 	 {2014},
}

@Misc{eudet2011,
  author = 	 "{EUDET Consortium}",
  title = 	 "Detector Research and Development towards the {I}nternational {L}inear {C}ollider",
  howpublished = {final report},
  year = 	 {2011},
  url =          {http://www.eudet.org/},
}


@article{Kleinwort:2012np,
      author         = "Kleinwort, Claus",
      title          = "{General Broken Lines as advanced track fitting method}",
      journal        = "Nucl.Instrum.Meth.",
      volume         = "A673",
      pages          = "107-110",
      doi            = "10.1016/j.nima.2012.01.024",
      year           = "2012",
      eprint         = "1201.4320",
      archivePrefix  = "arXiv",
      primaryClass   = "physics.ins-det",
      reportNumber   = "DESY-12-011",
      SLACcitation   = "%%CITATION = ARXIV:1201.4320;%%",
}


@Thesis{spannagel2012,
  author = 	 {Spannagel, Simon},
  title = 	 {A High-Rate Beam Test for the CMS Pixel Detector Phase I Upgrade},
  type = 	 {Diploma thesis},
  institution =  {Karlsruher Institut f\"ur Technologie (KIT)},
  year = 	 {2012},
  key = 	 {IEKP-KA/2012-15},
}

@MastersThesis{theresa2012,
  author = 	 {Theresa Obermann},
  title = 	 "Development of a test beam telescope based on the {ATLAS} front end {ASIC} {FE-I4}",
  school = 	 {Friedrich-Wilhelms-Universit\"at Bonn},
  year = 	 {2012},
}

@article{Llopart2007485,
title = "{TimePix}, a 65k programmable pixel readout chip for arrival time, energy and/or photon counting measurements",
journal = "Nuclear Instruments and Methods in Physics Research Section A: Accelerators, Spectrometers, Detectors and Associated Equipment",
volume = "581",
number = "1â€“2",
pages = "485 - 494",
year = "2007",
issn = "0168-9002",
doi = "10.1016/j.nima.2007.08.079",
opturl = "http://www.sciencedirect.com/science/article/pii/S0168900207017020",
author = "X. Llopart and R. Ballabriga and M. Campbell and L. Tlustos and W. Wong",
}


@article{Akiba201231,
title = "Charged particle tracking with the {TimePix} {ASIC}",
journal = "Nuclear Instruments and Methods in Physics Research Section A: Accelerators, Spectrometers, Detectors and Associated Equipment",
volume = "661",
number = "1",
pages = "31 - 49",
year = "2012",
issn = "0168-9002",
doi = "10.1016/j.nima.2011.09.021",
opturl = "http://www.sciencedirect.com/science/article/pii/S0168900211017736",
author = "Paula Collins and Vladimir Gligorov and others",
}

@techreport{Capeans:1291633,
      author       = "Capeans, M and Darbo, G and Einsweiller, K and Elsing, M
                      and Flick, T and Garcia-Sciveres, M and Gemme, C and
                      Pernegger, H and Rohne, O and Vuillermet, R",
      title        = "{ATLAS} Insertable B-Layer Technical Design Report",
      institution  = "CERN",
      address      = "Geneva",
      number       = "CERN-LHCC-2010-013. ATLAS-TDR-019",
      month        = "Sep",
      year         = "2010",
}

@article{HuGuo2010480,
title = "First reticule size {MAPS} with digital output and integrated zero suppression for the {EUDET-JRA1} beam telescope",
journal = "Nucl.Instrum.Meth.A",
volume = "623",
number = "1",
pages = "480 - 482",
year = "2010",
issn = "0168-9002",
doi = "10.1016/j.nima.2010.03.043",
opturl = "http://www.sciencedirect.com/science/article/pii/S0168900210006078",
author = "C. Hu-Guo and J. Baudot and G. Bertolone and A. Besson and A.S. Brogna and C. Colledani and G. Claus and R. De Masi and Y. Degerli and A. Dorokhov and G. Doziere and W. Dulinski and X. Fang and M. Gelin and M. Goffe and F. Guilloux and A. Himmi and K. Jaaskelainen and M. Koziel and F. Morel and F. Orsini and M. Specht and Q. Sun and O. Torheim and I. Valin and M. Winter",
}
